<?xml version="1.0" encoding="UTF-8"?><collection xmlns="http://www.loc.gov/MARC21/slim"><record><leader>00418nam--2200109-i-4500</leader><controlfield tag="001">000038812</controlfield><controlfield tag="002">20161230</controlfield><controlfield tag="005">20161230201042</controlfield><controlfield tag="008">060222s1000------------r-----000-0-eng-d</controlfield><datafield ind1=" " ind2=" " tag="245"><subfield code="a">The report of the research inst.of electrical communication, tohoku univ., vol.15, suppl.1963: energy diagrams of ho+3, tb+3, tm+3 ions in cubic potentials and exchange field</subfield></datafield><datafield ind1=" " ind2=" " tag="260"><subfield code="a">Tokyo, Tohoku Univ., 1963, 85p.+ Tabele</subfield></datafield><datafield ind1=" " ind2=" " tag="852"><subfield code="a">21943</subfield></datafield></record></collection>